%% This BibTeX bibliography file was created using BibDesk.
%% http://bibdesk.sourceforge.net/


%% Created for Micha Schoenenberger at 2014-05-15 20:45:09 +0200 


%% Saved with string encoding Unicode (UTF-8) 



@book{LiA-2ndEdition,
	Author = {McCandless, Michael; Hatcher, Erik; Gospondenetic, Otis},
	Date-Added = {2014-05-15 11:28:02 +0000},
	Date-Modified = {2014-05-15 11:28:51 +0000},
	Publisher = {Manning Publications Co},
	Title = {Lucene in Action - Second Edition},
	Year = {2010}}

@other{Luke_Query,
	Date-Added = {2014-02-15 12:00:00 +0000},
	Date-Modified = {2014-05-15 18:45:04 +0000},
	Howpublished = {\url{http://lucene.apache.org/core/2_9_4/queryparsersyntax.html}},
	Lastchecked = {2014-05-15},
	Month = {may},
	Title = {Lucene Query Parser Syntax},
	Year = {2014}}

	
	@other{Lucene_Core,
	Date-Added = {2014-05-28 12:00:00 +0000},
	Date-Modified = {2014-05-28 18:45:04 +0000},
	Howpublished = {\url{http://lucene.apache.org/core/3_5_0/fileformats.html}},
	Lastchecked = {2014-05-28},
	Month = {may},
	Title = {Apache Lucene - Index File Formats},
	Year = {2014}}
	
	
	@other{Who_is_using_Lucene,
	Date-Added = {2014-05-28 12:00:00 +0000},
	Date-Modified = {2014-05-28 18:45:04 +0000},
	Howpublished = {\url{http://searchhub.org/2012/01/21/who-uses-lucenesolr/}},
	Lastchecked = {2014-05-28},
	Month = {may},
	Title = {Who is using Lucene/Solr},
	Year = {2014}}